<?xml version="1.0" encoding="UTF-8"?><collection xmlns="http://www.loc.gov/MARC21/slim"><record><leader>00652nam--2200205-i-4500</leader><controlfield tag="001">000004563</controlfield><controlfield tag="002">20161230</controlfield><controlfield tag="005">20161230201025</controlfield><controlfield tag="008">060222s1000------------r-----000-0-rum-d</controlfield><datafield ind1=" " ind2=" " tag="040"><subfield code="a">IFIN-HH</subfield></datafield><datafield ind1=" " ind2=" " tag="041"><subfield code="a">rum</subfield></datafield><datafield ind1=" " ind2=" " tag="080"><subfield code="a">539.16</subfield></datafield><datafield ind1="1" ind2=" " tag="100"><subfield code="a">Broda, E</subfield></datafield><datafield ind1="1" ind2="0" tag="245"><subfield code="a">Aplicatiile tehnice ale radioactivitatii</subfield><subfield code="b">Traducere din limba germana dupa editia a doua revazuta</subfield><subfield code="c">E. broda, t. schonfeld</subfield></datafield><datafield ind1=" " ind2=" " tag="260"><subfield code="a">Bucuresti</subfield><subfield code="b">Editura Tehnica</subfield><subfield code="c">1959</subfield></datafield><datafield ind1=" " ind2=" " tag="300"><subfield code="a">388 P., 25 FIG</subfield></datafield><datafield ind1=" " ind2=" " tag="500"><subfield code="a">Titlul Original In Limba Germana: Die Technischen Anwendungen Der Radioaktivitat</subfield></datafield><datafield ind1="1" ind2=" " tag="700"><subfield code="a">Schonfeld, T</subfield></datafield><datafield ind1=" " ind2=" " tag="852"><subfield code="a">6084</subfield><subfield code="c">519.16</subfield></datafield><datafield ind1=" " ind2=" " tag="CAT"><subfield code="a">Sys</subfield><subfield code="c">20120514</subfield><subfield code="h">140400</subfield></datafield></record></collection>